% Main research paper
@inproceedings{Fomitchev:2004:LLL:1011767.1011776,
 author = {Fomitchev, Mikhail and Ruppert, Eric},
 title = {Lock-free Linked Lists and Skip Lists},
 booktitle = {Proceedings of the Twenty-third Annual ACM Symposium on Principles of Distributed Computing},
 series = {PODC '04},
 year = {2004},
 isbn = {1-58113-802-4},
 location = {St. John's, Newfoundland, Canada},
 pages = {50--59},
 numpages = {10},
 url = {http://doi.acm.org/10.1145/1011767.1011776},
 doi = {10.1145/1011767.1011776},
 acmid = {1011776},
 publisher = {ACM},
 address = {New York, NY, USA},
 keywords = {amortized analysis, analysis, distributed, efficient, fault-tolerant, linked list, lock-free, skip list},
} 

% Early lock free implementation (similar to the one discussed in class)
@inproceedings{Harris:2001:PIN:645958.676105,
 author = {Harris, Timothy L.},
 title = {A Pragmatic Implementation of Non-blocking Linked-Lists},
 booktitle = {Proceedings of the 15th International Conference on Distributed Computing},
 series = {DISC '01},
 year = {2001},
 isbn = {3-540-42605-1},
 pages = {300--314},
 numpages = {15},
 url = {http://dl.acm.org/citation.cfm?id=645958.676105},
 acmid = {676105},
 publisher = {Springer-Verlag},
 address = {London, UK, UK},
} 